@article{dungan2012effect,
  title={The effect of diabetes on hospital readmissions},
  author={Dungan, Kathleen M},
  journal={Journal of Diabetes Science and Technology},
  volume={6},
  number={5},
  pages={1045--1052},
  year={2012},
  publisher={SAGE Publications}
}

@article{eby2014predictors,
  title={Predictors of 30 day hospital readmission in patients with type 2 diabetes: a retrospective, case-control, database study},
  author={Eby, Elizabeth and Hardwick, Cathy and Yu, Meng and Gelwicks, Sharon and Deschamps, Kim and Xie, Jing and George, Thomas},
  journal={Current Medical Research and Opinion},
  volume={31},
  number={1},
  pages={107--114},
  year={2014},
  publisher={Taylor \& Francis}
}

@misc{uciml,
  author       = {Dua, Dheeru and Graff, Casey},
  title        = {UCI Machine Learning Repository},
  year         = {2017},
  url          = {http://archive.ics.uci.edu/ml},
  note         = {University of California, Irvine, School of Information and Computer Sciences}
}

@article{strack2014impact,
  title={Impact of HbA1c measurement on hospital readmission rates: analysis of 70,000 clinical database patient records},
  author={Strack, Beata and DeShazo, Jonathan P and Gennings, Chris and Olmo, Juan L and Ventura, Sebastian and Cios, Krzysztof J and Clore, John N},
  journal={BioMed research international},
  volume={2014},
  number={1},
  pages={781670},
  year={2014},
  publisher={Wiley Online Library}
}

@article{shang202130,
  title={The 30-days hospital readmission risk in diabetic patients: predictive modeling with machine learning classifiers},
  author={Shang, Yujuan and Jiang, Kui and Wang, Lei and Zhang, Zheqing and Zhou, Siwei and Liu, Yun and Dong, Jiancheng and Wu, Huiqun},
  journal={BMC medical informatics and decision making},
  volume={21},
  number={Suppl 2},
  pages={57},
  year={2021},
  publisher={Springer}
}

@article{hammoudeh2018predicting,
  title={Predicting hospital readmission among diabetics using deep learning},
  author={Hammoudeh, Ahmad and Al-Naymat, Ghazi and Ghannam, Ibrahim and Obied, Nadim},
  journal={Procedia Computer Science},
  volume={141},
  pages={484--489},
  year={2018},
  publisher={Elsevier}
}